

@article{reinmoeller2005link,
  title={The link between diversity and resilience},
  author={Reinmoeller, Patrick and Van Baardwijk, Nicole},
  journal={MIT Sloan management review},
  volume={46},
  number={4},
  pages={61},
  year={2005},
  publisher={Citeseer}
}



@book{saltelli2008global,
  title={Global sensitivity analysis: the primer},
  author={Saltelli, Andrea and Ratto, Marco and Andres, Terry and Campolongo, Francesca and Cariboni, Jessica and Gatelli, Debora and Saisana, Michaela and Tarantola, Stefano},
  year={2008},
  publisher={John Wiley \& Sons}
}


@article{reuillon2013openmole,
  title={OpenMOLE, a workflow engine specifically tailored for the distributed exploration of simulation models},
  author={Reuillon, Romain and Leclaire, Mathieu and Rey-Coyrehourcq, Sebastien},
  journal={Future Generation Computer Systems},
  volume={29},
  number={8},
  pages={1981--1990},
  year={2013},
  publisher={Elsevier}
}


@incollection{fitjar2014local,
  title={When local interaction does not suffice: sources of firm innovation in urban Norway},
  author={Fitjar, Rune Dahl and Rodr{\'\i}guez-Pose, Andr{\'e}s},
  booktitle={Regional development and proximity relations},
  year={2014},
  publisher={Edward Elgar Publishing}
}


@article{folta2006geographic,
  title={Geographic cluster size and firm performance},
  author={Folta, Timothy B and Cooper, Arnold C and Baik, Yoon-suk},
  journal={Journal of business venturing},
  volume={21},
  number={2},
  pages={217--242},
  year={2006},
  publisher={Elsevier}
}


@article{marriott2018social,
  title={Social learning and cultural evolution in artificial life},
  author={Marriott, Chris and Borg, James M and Andras, Peter and Smaldino, Paul E},
  journal={Artificial life},
  volume={24},
  number={1},
  pages={5--9},
  year={2018},
  publisher={MIT Press}
}



@inproceedings{giunta2003overview,
  title={Overview of modern design of experiments methods for computational simulations},
  author={Giunta, Anthony and Wojtkiewicz, Steven and Eldred, Michael},
  booktitle={41st Aerospace Sciences Meeting and Exhibit},
  pages={649},
  year={2003}
}


@article{lesage2007knowledge,
  title={Knowledge spillovers across Europe: Evidence from a Poisson spatial interaction model with spatial effects},
  author={LeSage, James P and Fischer, Manfred M and Scherngell, Thomas},
  journal={Papers in Regional Science},
  volume={86},
  number={3},
  pages={393--421},
  year={2007},
  publisher={Wiley Online Library}
}

@article{wilson1975some,
  title={Some new forms of spatial interaction model: A review},
  author={Wilson, Alan Geoffrey},
  journal={Transportation Research},
  volume={9},
  number={2-3},
  pages={167--179},
  year={1975},
  publisher={Elsevier}
}

@article{rouyre2019managing,
  title={Managing knowledge sharing-protecting tensions in coupled innovation projects among several competitors},
  author={Rouyre, Audrey and Fernandez, Anne-Sophie},
  journal={California Management Review},
  volume={62},
  number={1},
  pages={95--120},
  year={2019},
  publisher={SAGE Publications Sage CA: Los Angeles, CA}
}

@article{simon2008biogeography,
  title={Biogeography-based optimization},
  author={Simon, Dan},
  journal={IEEE transactions on evolutionary computation},
  volume={12},
  number={6},
  pages={702--713},
  year={2008},
  publisher={IEEE}
}

@article{epstein1997artificial,
  title={Artificial societies and generative social science},
  author={Epstein, Joshua M and Axtell, Robert},
  journal={Artificial Life and Robotics},
  volume={1},
  number={1},
  pages={33--34},
  year={1997},
  publisher={Springer}
}


@article{growiec2008size,
  title={On the size distribution of business firms},
  author={Growiec, Jakub and Pammolli, Fabio and Riccaboni, Massimo and Stanley, H Eugene},
  journal={Economics Letters},
  volume={98},
  number={2},
  pages={207--212},
  year={2008},
  publisher={Elsevier}
}



@article{duranton1999distance,
  title={Distance, land, and proximity: economic analysis and the evolution of cities},
  author={Duranton, Gilles},
  journal={Environment and Planning a},
  volume={31},
  number={12},
  pages={2169--2188},
  year={1999},
  publisher={SAGE Publications Sage UK: London, England}
}


@article{bergeaud4015066telework,
  title={Telework and Productivity: Insights from a New Survey},
  author={Bergeaud, Antonin and Cette, Gilbert and Drapala, Simon},
  year={2022},
  journal={Available at SSRN 4015066}
}



@article{kim2016technological,
  title={Technological novelty profile and inventionâ€™s future impact},
  author={Kim, Daniel and Cerigo, Daniel Burkhardt and Jeong, Hawoong and Youn, Hyejin},
  journal={EPJ Data Science},
  volume={5},
  number={1},
  pages={1--15},
  year={2016},
  publisher={SpringerOpen}
}



@article{youn2015invention,
  title={Invention as a combinatorial process: evidence from US patents},
  author={Youn, Hyejin and Strumsky, Deborah and Bettencourt, Luis MA and Lobo, Jos{\'e}},
  journal={Journal of the Royal Society interface},
  volume={12},
  number={106},
  pages={20150272},
  year={2015},
  publisher={The Royal Society}
}



@article{fioretti2005agent,
  title={Agent-based models of industrial clusters and districts},
  author={Fioretti, Guido and others},
  journal={Contemporary issues in urban and regional economics},
  year={2005},
  publisher={Nova Science Publishers}
}


@article{vermeulen2018role,
  title={The role of network topology and the spatial distribution and structure of knowledge in regional innovation policy: A calibrated agent-based model study},
  author={Vermeulen, Ben and Pyka, Andreas},
  journal={Computational Economics},
  volume={52},
  number={3},
  pages={773--808},
  year={2018},
  publisher={Springer}
}



@article{khraisha2020complex,
  title={Complex economic problems and fitness landscapes: Assessment and methodological perspectives},
  author={Khraisha, Tamer},
  journal={Structural Change and Economic Dynamics},
  volume={52},
  pages={390--407},
  year={2020},
  publisher={Elsevier}
}


@article{kauffman1995technological,
  title={Technological evolution and adaptive organizations},
  author={Kauffman, Stuart and Macready, William},
  journal={Complexity},
  volume={1},
  number={2},
  pages={26--43},
  year={1995}
}



@article{ma2005agent,
  title={Agent-based modeling on technological innovation as an evolutionary process},
  author={Ma, Tieju and Nakamori, Yoshiteru},
  journal={European Journal of Operational Research},
  volume={166},
  number={3},
  pages={741--755},
  year={2005},
  publisher={Elsevier}
}



@incollection{chen2006functional,
  title={A functional modularity approach to agent-based modeling of the evolution of technology},
  author={Chen, Shu-Heng and Chie, Bin-Tzong},
  booktitle={The complex networks of economic interactions},
  pages={165--178},
  year={2006},
  publisher={Springer}
}


@techreport{dosi2021patents,
  title={Do patents really foster innovation in the pharmaceutical sector? Results from an evolutionary, agent-based model},
  author={Dosi, Giovanni and Palagi, Elisa and Roventini, Andrea and Russo, Emanuele},
  year={2021},
  institution={LEM Working Paper Series}
}



@article{bittencourt2019cluster,
  title={Cluster Innovation Capability: a systematic review},
  author={Bittencourt, Bruno Anicet and Galuk, Mariana Bianchini and Daniel, Vanessa Marques and Zen, Aurora Carneiro},
  journal={International Journal of Innovation},
  volume={7},
  number={1},
  pages={26--44},
  year={2019},
  publisher={Universidade Nove de Julho}
}



@article{mesoudi2018cumulative,
  title={What is cumulative cultural evolution?},
  author={Mesoudi, Alex and Thornton, Alex},
  journal={Proceedings of the Royal Society B},
  volume={285},
  number={1880},
  pages={20180712},
  year={2018},
  publisher={The Royal Society}
}


@article{sood2005technological,
  title={Technological evolution and radical innovation},
  author={Sood, Ashish and Tellis, Gerard J},
  journal={Journal of marketing},
  volume={69},
  number={3},
  pages={152--168},
  year={2005},
  publisher={SAGE Publications Sage CA: Los Angeles, CA}
}



@article{kemeny2016economic,
  title={The economic value of local social networks},
  author={Kemeny, Tom and Feldman, Maryann and Ethridge, Frank and Zoller, Ted},
  journal={Journal of Economic Geography},
  volume={16},
  number={5},
  pages={1101--1122},
  year={2016},
  publisher={Oxford University Press}
}



@article{kiesling2012agent,
  title={Agent-based simulation of innovation diffusion: a review},
  author={Kiesling, Elmar and G{\"u}nther, Markus and Stummer, Christian and Wakolbinger, Lea M},
  journal={Central European Journal of Operations Research},
  volume={20},
  number={2},
  pages={183--230},
  year={2012},
  publisher={Springer}
}


@article{song2016innovation,
  title={Innovation ecosystem: impact of interactive patterns, member location and member heterogeneity on cooperative innovation performance},
  author={Song, Juan},
  journal={Innovation},
  volume={18},
  number={1},
  pages={13--29},
  year={2016},
  publisher={Taylor \& Francis}
}



@inproceedings{raimbault2020model,
  title={A model of urban evolution based on innovation diffusion},
  author={Raimbault, Juste},
  booktitle={The 2020 Conference on Artificial Life},
  pages={500--508},
  year={2020},
  organization={MIT Press}
}



@article{raimbault2019modeling,
  title={Modeling interactions between transportation networks and territories: a co-evolution approach},
  author={Raimbault, J.},
  journal={arXiv preprint arXiv:1902.04802},
  year={2019}
}


@incollection{schamp2010notion,
  title={On the notion of co-evolution in economic geography},
  author={Schamp, Eike W},
  booktitle={The handbook of evolutionary economic geography},
  year={2010},
  publisher={Edward Elgar Publishing}
}



@article{lopolito2013emerging,
  title={Emerging innovation niches: An agent based model},
  author={Lopolito, Antonio and Morone, Piergiuseppe and Taylor, Richard},
  journal={Research Policy},
  volume={42},
  number={6-7},
  pages={1225--1238},
  year={2013},
  publisher={Elsevier}
}



@article{schot2007niches,
  title={Niches in evolutionary theories of technical change},
  author={Schot, Johan and Geels, Frank W},
  journal={Journal of Evolutionary Economics},
  volume={17},
  number={5},
  pages={605--622},
  year={2007},
  publisher={Springer}
}



@article{adams2016sustainability,
  title={Sustainability-oriented innovation: A systematic review},
  author={Adams, Richard and Jeanrenaud, Sally and Bessant, John and Denyer, David and Overy, Patrick},
  journal={International Journal of Management Reviews},
  volume={18},
  number={2},
  pages={180--205},
  year={2016},
  publisher={Wiley Online Library}
}


@article{almeida1999localization,
  title={Localization of knowledge and the mobility of engineers in regional networks},
  author={Almeida, Paul and Kogut, Bruce},
  journal={Management science},
  volume={45},
  number={7},
  pages={905--917},
  year={1999},
  publisher={INFORMS}
}



@article{arikan2009interfirm,
  title={Interfirm knowledge exchanges and the knowledge creation capability of clusters},
  author={Arikan, Anda{\c{c}} T},
  journal={Academy of management review},
  volume={34},
  number={4},
  pages={658--676},
  year={2009},
  publisher={Academy of Management Briarcliff Manor, NY}
}



@article{gnyawali2013complementary,
  title={Complementary effects of clusters and networks on firm innovation: A conceptual model},
  author={Gnyawali, Devi R and Srivastava, Manish K},
  journal={Journal of Engineering and Technology Management},
  volume={30},
  number={1},
  pages={1--20},
  year={2013},
  publisher={Elsevier}
}


